<record><leader>00000cas a22000007a 4500</leader><controlfield tag="001">20291989</controlfield><controlfield tag="008">890901d19101945mouwr ne      0    0eng d</controlfield><datafield ind1=" " ind2=" " tag="010"><subfield code="a">sn 89066971 </subfield></datafield><datafield ind1=" " ind2=" " tag="040"><subfield code="a">MQN</subfield><subfield code="b">eng</subfield><subfield code="c">MQN</subfield><subfield code="d">OCLCQ</subfield></datafield><datafield ind1=" " ind2=" " tag="042"><subfield code="a">msc</subfield></datafield><datafield ind1="0" ind2="4" tag="245"><subfield code="a">The Sullivan news.</subfield></datafield><datafield ind1=" " ind2=" " tag="260"><subfield code="a">Sullivan, Mo. :</subfield><subfield code="b">T.E. Dotter,</subfield><subfield code="c">1910-1945.</subfield></datafield><datafield ind1=" " ind2=" " tag="300"><subfield code="a">v.</subfield></datafield><datafield ind1=" " ind2=" " tag="310"><subfield code="a">Weekly</subfield></datafield><datafield ind1="0" ind2=" " tag="362"><subfield code="a">Vol. 1, no. 1 (June 9, 1910)-v. 31, no. 34 (Feb. 1, 1945).</subfield></datafield><datafield ind1=" " ind2=" " tag="515"><subfield code="a">Includes numbering of: Sullivan sentinel, vol. 19, no. 10 (July 2, 1914)-v. 50, no. 40 (Feb. 1, 1945).</subfield></datafield><datafield ind1=" " ind2=" " tag="752"><subfield code="a">United States</subfield><subfield code="b">Missouri</subfield><subfield code="c">Franklin</subfield><subfield code="d">Sullivan.</subfield></datafield><datafield ind1="0" ind2="5" tag="780"><subfield code="t">Sullivan sentinel</subfield><subfield code="w">(DLC)sn 89066972</subfield></datafield><datafield ind1="0" ind2="0" tag="785"><subfield code="t">Sullivan Mo. news</subfield><subfield code="w">(DLC)sn 89066973</subfield></datafield></record>